@book{klugman2012loss,
  title={Loss models: from data to decisions},
  author={Klugman, Stuart A and Panjer, Harry H and Willmot, Gordon E},
  volume={715},
  year={2012},
  publisher={John Wiley \& Sons}
}

@book{kellison2006theory,
	title={The theory of interest},
	author={Kellison, Stephen G},
	year={2006}
}